@misc{acousticcoeff,
  title = {{Room Sound Absorption - Sound Absorption Coefficient}},
  howpublished = {\url{https://www.engineeringtoolbox.com/accoustic-sound-absorption-d_68.html}},
  note = {Accessed: 2017-12-13}
}

@article{commonmaterials,
	author = {{Kaye}, G.~W.~C. and {Evans}, E.~J.},
	title = "{The sound-absorbing properties of some common out-door materials}",
	journal = {Proceedings of the Physical Society},
	year = 1940,
	volume = 52,
}

@article{rubber,
	author = {Francesco Asdrubali and Francesco D'Alessandro and Samuele Schiavoni},
	title = {Sound absorbing properties of materials made of rubber crumbs},
	journal = {The Journal of the Acoustical Society of America},
	year = {2008},
	volume = {123},
}

@misc{anechoic,
  title = {{Audio Lab | Microsoft: Inside B87}},
  howpublished = {\url{https://news.microsoft.com/stories/building87/_media/images/audio/interaction/sound-02-anechoic-chamber.jpg}},
  note = {Accessed: 2017-12-13}
}

@ARTICLE{recording,
	author = {{Doutres}, O. and {Salissou}, Y. and {Atalla}, N. and {Panneton}, R.},
	title = "{Evaluation of the acoustic and non-acoustic properties of sound absorbing materials using a three-microphone impedance tube}",
	journal = {Applied Acoustics},
	year = 2010,
}
